<?xml version="1.0" encoding="UTF-8"?><collection xmlns="http://www.loc.gov/MARC21/slim"><record><leader>00595nam--2200181-u-4500</leader><controlfield tag="001">000053828</controlfield><controlfield tag="002">20161230</controlfield><controlfield tag="005">20161230201051</controlfield><controlfield tag="008">110624s1000------------r-----000-0-fre-d</controlfield><datafield ind1=" " ind2=" " tag="040"><subfield code="a">IFIN-HH</subfield></datafield><datafield ind1=" " ind2=" " tag="041"><subfield code="a">fre</subfield></datafield><datafield ind1=" " ind2=" " tag="080"><subfield code="a">537.6:621.318(043)</subfield></datafield><datafield ind1="1" ind2=" " tag="100"><subfield code="a">Prejean, Jean-Jacques</subfield></datafield><datafield ind1="1" ind2="0" tag="245"><subfield code="a">L'aimantation des verres de spins: construction et relaxation des aimantations remanentes, reponse macroscopique en faible champ inverse ou transverse</subfield><subfield code="b">These</subfield><subfield code="c">Jean-jacques prejean</subfield></datafield><datafield ind1=" " ind2=" " tag="260"><subfield code="a">Grenoble</subfield><subfield code="b">Universite</subfield><subfield code="c">1980</subfield></datafield><datafield ind1=" " ind2=" " tag="300"><subfield code="a">181P</subfield></datafield><datafield ind1=" " ind2=" " tag="852"><subfield code="a">49706</subfield><subfield code="c">537:538</subfield></datafield><datafield ind1=" " ind2=" " tag="CAT"><subfield code="a">Sys</subfield><subfield code="c">20110624</subfield><subfield code="h">135751</subfield></datafield></record></collection>